<?xml version="1.0" encoding="UTF-8"?><collection xmlns="http://www.loc.gov/MARC21/slim"><record><leader>00390nam--2200133-i-4500</leader><controlfield tag="001">000019484</controlfield><controlfield tag="002">20161230</controlfield><controlfield tag="005">20161230201033</controlfield><controlfield tag="008">060222s1000------------r-----000-0-eng-d</controlfield><datafield ind1=" " ind2=" " tag="080"><subfield code="a">541.13(061.3):621.35(061.3)</subfield></datafield><datafield ind1=" " ind2=" " tag="245"><subfield code="a">Fast ion transport in solids.solid state batteries and devices</subfield></datafield><datafield ind1=" " ind2=" " tag="260"><subfield code="a">Amsterdam, North-holland Publ.Co., 1973. Xiv + 728 P</subfield></datafield><datafield ind1=" " ind2=" " tag="700"><subfield code="a">W.Van Gool</subfield></datafield><datafield ind1=" " ind2=" " tag="852"><subfield code="a">40948</subfield></datafield></record></collection>